@ARTICLE{8509143,
  author={Alzhouri, Fadi and Agarwal, Anjali and Liu, Yan},
  journal={IEEE Transactions on Cloud Computing}, 
  title={Maximizing Cloud Revenue using Dynamic Pricing of Multiple Class Virtual Machines}, 
  year={2021},
  volume={9},
  number={2},
  pages={682-695},
  doi={10.1109/TCC.2018.2878023}}

@ARTICLE{06347,
  author={Schulman, John and Wolski, Filip and Dhariwal, Prafulla and Radford, Alec and Klimov, Oleg},
  journal={OpenAI}, 
  title={Proximal policy optimization algorithms}, 
  year={2017},
  doi={10.48550/arXiv.1707.06347}
}
@ARTICLE{14236,
  author={Volodymyr Mnih and Koray Kavukcuoglu and David Silver and Andrei A. Rusu and Joel Veness and Marc G. Bellemare and others},
  journal={Letter}, 
  title={Human-level control through deep reinforcement learning}, 
  year={2015},
  doi={10.1038/nature14236}
}

@MISC{action_mask_tutorial,
  title={Tutorial: Action Masking},
  journal={Farama Foundation},
  year={2023},
  url={https://pettingzoo.farama.org/tutorials/custom_environment/3-action-masking/}
}

@MISC{action_mask_stack_overflow,
  title={Action masking for continuous action space in reinforcement learning},
  journal={Stack Overflow},
  year={2022},
  url={https://stackoverflow.com/questions/71437246/action-masking-for-continuous-action-space-in-reinforcement-learning}
}